@Article{wright-orban-2002,
 author = {S. J. Wright and D. Orban},
 title = {Local Convergence of the {N}ewton/Log-Barrier Method
          for Degenerate Problems},
 doi = {10.1287/moor.27.3.585.312},
 journal = mor,
 year = {2002}, volume = {27}, number = {3}, pages = {585--613}
}
